

@misc{Hilborn:2002wj,
    title={Einstein coefficients, cross sections, f values, dipole moments, and all that},
    author={Robert C. Hilborn},
    year={2002},
    eprint={physics/0202029},
    archivePrefix={arXiv}
    }

@article{Hens:2008kr,
author = {Hens, Z.},
title = {{Can the oscillator strength of the quantum dot bandgap transition exceed unity?}},
journal = {Chemical Physics Letters},
year = {2008},
volume = {463},
number = {4-6},
pages = {391--395},
doi = {10.1016/j.cplett.2008.08.089}
}


@Book{Parson,
author = {William W. Parson},
title = {Modern optical spectroscopy},
publisher = {Springer},
year = {2015},
doi = {10.1007/978-3-662-46777-0}
}

@book{SalehTeich1991,
isbn={0471839655},
author={Bahaa E. A. Saleh and Malvin C. Teich},
title={Fundamentals of photonics},
address={New York, NY [u.a.]},
publisher={Wiley},
year={1991},
doi = {10.1002/0471213748}
}



@Book{Fox,
author = {Mark Fox},
title = {Quantum optics},
publisher = {Oxford University Press},
year = {2007},
}

@Book{Haken_wolf_II,
author = { H. Haken and H.C. Wolf},
title = {Molecular Physics and Elements of Quantum Chemistry},
publisher = {Springer},
year = {2004}
}


@Book{bransden_joachain,
author = { B. H. Bransden and C. J. Joachain},
title = {Physics of atoms and molecules},
publisher = {Longman},
year = {1996}
}


@Book{Loudon,
author = { Rodney Loudon},
title = {The quantum theory of light},
publisher = {Oxford University Press},
year = {2001}
}

@Book{CT,
author = { Claude Cohen-Tannoudji and Bernard Diu and Franck Laloë },
title = {Quantum Mechanics},
publisher = {Wiley},
year = {1977}
}

@article{Strickler_Berg,
author =  {S J Strickler and  Robert A Berg},
title = {{Relationship between Absorption Intensity and Fluorescence Lifetime of Molecules}},
journal = {The Journal of Chemical Physics},
year = {1962},
volume = {37},
number = {4},
pages = {814},
doi = {10.1063/1.1733166}
}

@book{Kuzmany,
author={Hans Kuzmany},
title={Solid-state spectroscopy},
subtitle={An introduction},
edition={Second edition},
address={Heidelberg},
publisher={Springer},
year={2009},
}

@article{Newton:1976cz,
author = {Newton, Roger G},
title = {{Optical theorem and beyond}},
journal = {American Journal of Physics},
year = {1976},
volume = {44},
number = {7},
pages = {639},
doi = {10.1119/1.10324},
}



@book{BH-book,
publisher = {John Wiley \& Sons, Ltd},
isbn = {9783527618156},
title = {Absorption and Scattering of Light by Small Particles},
year = {2007},
author = {Craig F. Bohren and Donald R. Huffman},
doi = {10.1002/9783527618156}
}

@book{Nolting-ED,
author = {Nolting, Wolfgang},
title = {{Theoretical Physics 3 Electrodynamics}},
publisher = {Springer},
year = {2016},
isbn = {9783319401676},
doi = {10.1007/978-3-319-40168-3}
}

@book{Jackson-ED,
isbn={9780471427643},
author={Jackson, John David},
title={Classical electrodynamics},
edition={3. ed.},
address={New York [u.a.]},
publisher={Wiley},
year={1999}
}

@book{KV-book,
isbn={3540578366},
author={Kreibig, Uwe and Vollmer, Michael},
title={Optical properties of metal clusters},
address={Berlin u.a.},
publisher={Springer},
year={1995}
}

@book{Novotny-Hecht2012,
isbn={9781107005464},
author={Novotny, Lukas and Bert Hecht},
title={Principles of nano-optics},
edition={2. ed.},
publisher={Cambridge Univ. Press},
year={2012},
doi = {10.1017/CBO9780511794193}
}



@article{Hou:2017jm,
author = {Hou, Lei and Adhikari, Subhasis and Tian, Yuxi and Scheblykin, Ivan G and Orrit, Michel},
title = {{Absorption and Quantum Yield of Single Conjugated Polymer Poly[2-methoxy-5-(2-ethylhexyloxy)-1,4-phenylenevinylene] (MEH-PPV) Molecules}},
journal = {Nano Letters},
year = {2017},
doi = {10.1021/acs.nanolett.6b04726}
}

@article{Jasieniak:2009er,
author = {Jasieniak, Jacek and Smith, Lisa and Embden, Joel van and Mulvaney, Paul and Califano, Marco},
title = {{Re-examination of the Size-Dependent Absorption Properties of CdSe Quantum Dots}},
journal = {The Journal of Physical Chemistry C},
year = {2009},
volume = {113},
number = {45},
pages = {19468--19474},
doi = {10.1021/jp906827m}
}

@article{Kastrup:2004p1737,
author = {Kastrup, Lars and Hell, Stefan W},
title = {{Absolute Optical Cross Section of Individual Fluorescent Molecules}},
journal = {Angewandte Chemie International Edition},
year = {2004},
volume = {43},
number = {48},
pages = {6646--6649},
doi = {10.1002/anie.200461337},
}

@article{Borri:2002p139,
author = {Borri, Paola and Langbein, W and Schneider, S and Woggon, U and Sellin, RL and Ouyang, D and Bimberg, D},
title = {{Rabi oscillations in the excitonic ground-state transition of InGaAs quantum dots}},
journal = {Physical Review B},
year = {2002},
volume = {66},
number = {8},
pages = {81306},
doi = {10.1103/PhysRevB.66.081306}
}


@inproceedings{knoester-book,
title = "Optical properties of molecular aggregates",
author = "J. Knoester",
year = "2002",
pages = "149 -- 186",
booktitle = "Proceedings of the International School of Physics 'Enrico Fermi' ",
series ="Volume 149: Organic Nanostructures: Science and Applications",
publisher = "IOS Press",
doi = {10.3254/978-1-61499-005-5-149}
}

@book{Rand2016,
isbn={9780191817830},
author={Rand, Stephen C.},
title={Lectures on light},
subtitle={nonlinear and quantum optics using the density matrix},
edition={Second edition},
publisher={Oxford University Press},
year={2016},
doi={10.1093/acprof:oso/9780198757450.001.0001},
}



@Book{Hamm-dummies,
author = {Peter Hamm},
title = {Principles of Nonlinear Optical Spectroscopy: A Practical Approach or: Mukamel for Dummies},
year = {2005},
url = {www.mitr.p.lodz.pl/evu/lectures/Hamm.pdf}
}

@book{HammZanni2011,
isbn={9781107000056},
author={Hamm, Peter and Zanni, Martin T.},
title={Concepts and methods of 2D infrared spectroscopy},
publisher={Cambridge University Press},
year={2011},
}


@book{Mukamel1995,
isbn={0195092783},
isbn={9780195132915},
author={Mukamel, Shaul},
title={Principles of nonlinear optical spectroscopy},
publisher={Oxford University Press},
year={1995},
}


@book{MilonniEberly1988,
isbn={0471627313},
isbn={9780471627319},
author={Milonni, Peter W. and Eberly, Joesph H.},
title={Lasers},
address={New York [u.a.]},
publisher={Wiley},
year={1988},
}


@book{CT-atom-photon,
isbn={9783527617197},
author={Cohen-Tannoudji, Claude and Jacques Dupont-Roc and Gilbert Grynberg},
title={Atom photon interactions},
address={Weinheim},
publisher={Wiley-VCH},
year={2004},
doi = { 10.1002/978-3-527-61719-7},
}

@book{Meschede-OLL,
isbn={9783527685486},
author={Meschede, Dieter},
title={Optics, light, and lasers},
address={Weinheim, Germany},
publisher={Wiley-VCH},
year={2017},
doi = { 10.1002/9783527685486}
}

@article{Wolpert:2012hs,
author = {Wolpert, Christian and Dicken, Christian and Atkinson, Paola and Wang, Lijuan and Rastelli, Armando and Schmidt, Oliver G and Giessen, Harald and Lippitz, Markus},
title = {{Transient Reflection: A Versatile Technique for Ultrafast Spectroscopy of a Single Quantum Dot in Complex Environments}},
journal = {Nano Letters},
year = {2012},
volume = {12},
number = {1},
pages = {453--457},
doi = {10.1021/nl203804n},
}

@book{GerryKnight2005,
isbn={9780521527354},
author={Gerry, Christopher C. and Knight, Peter L.},
title={Introductory quantum optics},
publisher={Cambridge Univ. Press},
year={2005},
doi = {10.1017/CBO9780511791239}
}

@book{HarocheRaimond2006,
isbn={0198509146},
isbn={9780198509141},
author={Haroche, Serge},
title={Exploring the quantum},
subtitle={atoms, cavities and photons},
publisher={Oxford Univ. Press},
year={2006},
doi = {10.1093/acprof:oso/9780198509141.001.0001}
}

@article{Knapp1984,
author = "E.W. Knapp",
title = "Lineshapes of molecular aggregates, exchange narrowing and intersite correlation",
journal = "Chemical Physics",
volume = "85",
number = "1",
pages = "73 - 82",
year = "1984",
doi = "10.1016/S0301-0104(84)85174-5",
}

@book{KoehlerBaessler2015,
author={Köhler, Anna and Bässler, Heinz},
title={Electronic processes in organic semiconductors},
address={Weinheim},
publisher={Wiley-VCH},
year={2015},
doi={10.1002/9783527685172},
}

@book{Lakowicz2010,
author={Lakowicz, Joseph R.},
title={Principles of fluorescence spectroscopy},
address={New York, NY},
publisher={Springer},
year={2010},
doi = {10.1007/978-0-387-46312-4}
}


@Article{Reithmaier04,
author = {Reithmaier, JP and Sek, G and Loffler, A and Hofmann, C and Kuhn, S and Reitzenstein, S and Keldysh, LV and Kulakovskii, VD and Reinecke, TL and Forchel, A}, 
title = {Strong coupling in a single quantum dot-semiconductor microcavity system}, 
journal = {Nature}, 
volume = {432}, 
number = {7014}, 
pages = {197–200}, 
year = {2004}, 
}

@book{Yariv1989,
isbn={0471609978},
isbn={0471617717},
author={Yariv, Amnon},
title={Quantum electronics},
edition={3. ed.},
address={New York},
publisher={Wiley},
year={1989},
}


@book{Demtroeder_laser,
author={Demtröder, Wolfgang},
title={Laser spectroscopy 1},
address={Berlin [u.a.]},
publisher={Springer},
year = {2014},
doi = {10.1007/978-3-642-53859-9}
}


@book{Hopf86,
author={Hopf, Frederic A. and Stegeman, George I.},
title={Applied classical electrodynamics: Nonlinear optics},
address={New York},
publisher={Wiley},
year={1986},
}


@book{Rulliere2005,
title={Femtosecond laser pulses},
subtitle={principles and experiments},
edition={2. ed.},
address={New York, NY},
publisher={Springer},
year={2005},
pages={XVI, 426 S.},
editor={Rullière, Claude},
doi = {10.1007/b137908}
}

@book{DielsRudolph1996,
isbn={0122154924},
author={Diels, Jean-Claude and Rudolph, Wolfgang},
title={Ultrashort laser pulse phenomena},
subtitle={fundamentals, techniques, and applications on a femtosecond time scale},
address={San Diego [u.a.]},
publisher={Academic Press},
year={1996},
doi = {10.1016/B978-0-12-215493-5.X5000-9}
}

@ARTICLE{goeppert31,
  author =       "M. {G\"{o}ppert-Mayer}",
  title =        "{\"{U}ber} {Elementarakte} mit zwei {Quantenspr\"{u}ngen}",
  journal =      "Ann. Phys.",
  year =         "1931",
  volume =       "9",
  number =       "",
  pages =        "273--295",
  doi = {10.1002/andp.19314010303}
}

@ARTICLE{birge86,
  AUTHOR =       "R. R. Birge",
  TITLE =        "Two-Photon Spectroscopy of Protein-Bound Chromophores",
  JOURNAL =      "Acc. Chem. Res.",
  YEAR =         "1986",
  volume =       "19",
  number =       "",
  pages =        "138--146",
  doi = {10.1021/ar00125a003}
}

@ARTICLE{maiman60,
  AUTHOR =       "T. H. Maiman",
  TITLE =        "Stimulated Optical Radiation in Ruby",
  JOURNAL =      "Nature",
  YEAR =         "1960",
  volume =       "187",
  number =       "4736",
  pages =        "493--494",
  doi = {10.1038/187493a0}
}

@ARTICLE{Kaiser61,
  AUTHOR =       "W. Kaiser and C. G. B. Garrett",
  TITLE =        "Two-Photon excitation in CaF$_2$:Eu$^{2+}$",
  JOURNAL =      "Phys. Rev. Lett.",
  YEAR =         "1961",
  volume =       "7",
  number =       "6",
  pages =        "229--231",
  doi = {10.1103/PhysRevLett.7.229}
}


@ARTICLE{denk90,
  author =       "W. Denk and J. H. Strickler and W. W. Webb",
  title =        "Two-Photon Laser Scanning Fluorescence Micrsocopy",
  journal =      "Science",
  year =         "1990",
  volume =       "248",
  number =       "",
  pages =        "73--76",
  doi = {10.1126/science.2321027}
}


@ARTICLE{rehms93,
  author =       "A. Rehms and P. Callis",
  title =        "Two-photon fluorescence excitation spectra of aromatic amino acids",
  journal =      "Chem. Phys. Lett.",
  year =         "1993",
  volume =       "208",
  number =       "",
  pages =        "276--282",
  doi = {10.1016/0009-2614(93)89075-S}
 }

@ARTICLE{xu96mar,
  author = {C. Xu and W. W. Webb},
  year = "1996",
  title = {Measurement of two-photon excitation cross sections of molecular
          fluorophores with data from 690 to 1050 nm},
  journal = {J. Opt. Soc. Am. B},
  volume = 13,
  number = 3,
  pages = {481--491},
  doi = {10.1364/JOSAB.13.000481}
}

@INCOLLECTION{xu97,
    author  = "C. Xu and W. W. Webb",
    title   = "Multiphoton Excitation of Molecular Fluorophores and Nonlinear Laser Microscopy",
    booktitle = "Topics in Fluorescence Spectroscopy, Vol. 5: nonlinear and two-photon induced fluorescence",
    editor = "J. R. Lakowicz",
    year = "1997",
    pages = "471--540",
    publisher ="Plenum Press, New York"
}

@ARTICLE{xu96oct1,
  author = {C. Xu and W. Zipfel and J. B. Shear and R. M. Williams and W. W.
           Webb},
  year = 1996,
  title = {Multiphoton fluorescence excitation: New spectral windows for
          biological nonlinear microscopy},
  journal = {Proc. Natl. Acad. Sci. USA},
  volume = 93,
  number = 20,
  pages = {10763--10768},
  doi = {10.1073/pnas.93.20.10763}
}
@ARTICLE{peticolas63,
  AUTHOR =       "W. L. Peticolas and J. P. Goldsborough and K. E. Rieckhoff",
  TITLE =        "Double photon excitation in organic crystals",
  JOURNAL =      "Phys. Rev. Lett.",
  YEAR =         "1963",
  volume =       "10",
  number =       "2",
  pages =        "43--45",
  doi = {10.1103/PhysRevLett.10.43}
}
@ARTICLE{patterson00,
  AUTHOR =       "G. H. Patterson and D. W. Piston",
  TITLE =        "Photobleaching in Two-Photon Excitation Microscopy",
  JOURNAL =      "Biophys. J.",
  YEAR =         "2000",
  volume =       "78",
  number =       "",
  pages =        "2159--2162",
  doi = {10.1016/S0006-3495(00)76762-2}
}

@ARTICLE{albota98,
  AUTHOR =       "M. Albota and D. Beljonne and J.-L. Brédas and others",
  TITLE =        "Design of Organic Molecules with Large Two-Photon Absorption Cross Section",
  JOURNAL =      "Science",
  YEAR =         "1998",
  volume =       "281",
  number =       "",
  pages =        "1653--1656",
  doi = {10.1126/science.281.5383.1653}
}

@ARTICLE{albota98nov1,
  author = {M. A. Albota and C. Xu and W. W. Webb},
  year = 1998,
  title = {Two-photon fluorescence excitation cross sections of biomolecular  probes from 690 to 960 nm},
  journal = {Appl. Opt.},
  volume = 37,
  number = 31,
  pages = {7352--7356},
  doi = {10.1364/AO.37.007352}
}

@BOOK{mystre_quantum_optics,
  AUTHOR =       "Pierre  Meystre and Murray {Sargent III}",
  TITLE =        "Elements of Quantum Optics",
  PUBLISHER =    "Springer",
  YEAR =         "2007",
  edition        = "4.",
  isbn={9783540742098},
isbn={3540742093},
doi = {10.1007/978-3-540-74211-1}
}


@ARTICLE{kierdaszuk95,
  AUTHOR =       "B. Kierdaszuk and I. Gryzynski and A. Modrak-Woijcik and
                  A. Bzowska and D. Shugar and J. R. Lakowicz",
  TITLE =        "Fluorescence of Tyrosine and Tryptophan in proteins using one- and two-photon excitation",
  JOURNAL =      "Photochem. Photobiol.",
  YEAR =         "1995",
  volume =       "61",
  number =       "4",
  pages =        "319--324",
  doi = {10.1111/j.1751-1097.1995.tb08615.x}
}

@Article{Makitalo11_OE,
author = {Mäkitalo, J and Suuriniemi, S and Kauranen, M}, 
title = {Boundary element method for surface nonlinear optics of nanoparticles}, 
journal = {Optics Express}, 
volume = {19}, 
number = {23}, 
pages = {23386}, 
year = {2011}, 
doi = {10.1364/OE.19.023386}
}

@Article{Wang09_prb,
author = {Wang, Fu Xiang and Rodríguez, Francisco J and Albers, Willem M and Ahorinta, Risto and Sipe, J E and Kauranen, Martti}, 
title = {Surface and bulk contributions to the second-order nonlinear optical response of a gold film}, 
journal = {Physical Review B}, 
volume = {80}, 
number = {23}, 
pages = {233402–233404}, 
year = {2009}, 
doi = {10.1103/PhysRevB.80.233402}, 
location = {}, 
keywords = {}}


@Article{klein06_science,
author = {Klein, Matthias W and Enkrich, Christian and Wegener, Martin and Linden, Stefan}, 
title = {Second-harmonic generation from magnetic metamaterials}, 
journal = {Science}, 
volume = {313}, 
number = {5786}, 
pages = {502–504}, 
year = {2006}, 
abstract = {We observe second-harmonic generation from metamaterials composed of split-ring resonators excited at 1.5-micrometer wavelength. Much larger signals are detected when magnetic-dipole resonances are excited, as compared with purely electric-dipole resonances. The experiments are consistent with calculations based on the magnetic component of the Lorentz force exerted on metal electrons—an intrinsic second-harmonic generation mechanism that plays no role in natural materials. This unusual mechanism …}, 
doi = {10.1126/science.1129198},
 }

@book{Boyd2008,
isbn={0123694701},
isbn={9780123694706},
author={Boyd, Robert W.},
title={Nonlinear Optics},
edition={3. ed.},
address={Amsterdam [u.a.]},
publisher={Elsevier, Acad. Press},
year={2008},
}

@article{Miller64,
author = {Miller,Robert C. },
title = {Optical second harmonic generation in piezoelectric crystals },
journal = {Applied Physics Letters},
volume = {5},
number = {1},
pages = {17-19},
year = {1964},
doi = {10.1063/1.1754022},
}

@Article{Obermeier18,
author = {Obermeier, Julian and Schumacher, Thorsten and Lippitz, Markus}, 
title = {Nonlinear spectroscopy of plasmonic nanoparticles}, 
journal = {Advances in Physics: X}, 
volume = {3}, 
number = {1}, 
pages = {1454341}, 
year = {2018}, 
abstract = {Advances in Physics: X, 2018. doi:10.1080/23746149.2018.1454341}, 
doi = {10.1080/23746149.2018.1454341}, 
keywords = {}}

@book{MeystreSargent2007,
isbn={9783540742098},
isbn={3540742093},
author={Meystre, Pierre and Sargent, Murray},
title={Elements of quantum optics},
edition={4. ed.},
address={Berlin [u.a.]},
publisher={Springer},
year={2007},
pages={XII, 507 S.},
doi ={10.1007/978-3-540-74211-1}
}

@Article{Langguth16,
author = {Langguth, Lutz and Fleury, Romain and Alù, Andrea and Koenderink, A Femius}, 
title = {Drexhage’s Experiment for Sound}, 
journal = {Physical Review Letters}, 
volume = {116}, 
number = {22}, 
pages = {224301–224306}, 
year = {2016}, 
abstract = {}, 
location = {}, 
doi = {10.1103/PhysRevLett.116.224301},
keywords = {}}

@article{Drexhage68,
author = {Drexhage, K. H. and Kuhn, H. and Schäfer, F. P.},
title = {Variation of the Fluorescence Decay Time of a Molecule in Front of a Mirror},
journal = {Berichte der Bunsengesellschaft für physikalische Chemie},
volume = {72},
number = {2},
pages = {329-329},
doi = {10.1002/bbpc.19680720261},
year = {1968}
}

@incollection{Drexhage74,
title = "Interaction of Light with Monomolecular Dye Layers",
editor = "E. Wolf",
booktitle = "Progress in Optics",
publisher = "Elsevier",
volume = "12",
pages = "163 - 232",
year = "1974",
doi = "10.1016/S0079-6638(08)70266-X",
author = "Karl H. Drexhage",
}

@book{Hohenester2020,
isbn={9783030305048},
author={Hohenester, Ulrich},
title={Nano and Quantum Optics},
subtitle={An Introduction to Basic Principles and Theory},
publisher={Springer },
year={2020},
doi={10.1007/978-3-030-30504-8},
}

@Article{Winterhalder11,
author = {Winterhalder, M J and Zumbusch, A and Lippitz, M and Orrit, M}, 
title = {Toward Far-field Vibrational Spectroscopy of Single Molecules at Room Temperature}, 
journal = {The Journal of Physical Chemistry B}, 
volume = {115}, 
number = {18}, 
pages = {5425–5430}, 
year = {2011}, 
doi = {10.1021/jp109652s}, 
location = {}, 
keywords = {}
}

@book{Shen2003,
isbn={0471430803},
author={Shen, Yuen R.},
title={The principles of nonlinear optics},
publisher={Wiley},
year={2003},
}

@Article{Dick1993,
author = {Dick, Bernhard}, 
title = {Response functions and susceptibilities for multiresonant non-linear optical spectroscopy: perturbative computer algebra solution including feeding}, 
journal = {Chemical physics}, 
volume = {171}, 
number = {1-2}, 
pages = {59–78}, 
year = {1993}, 
abstract = {A diagrammatic perturbation theory is presented which permits the calcn. of a mol. non-linear-optical response function for a particular time sequence of light pulses, or a mol. non-linear-optical susceptibility for a particular combination of frequencies of the input light fields. Mol. relaxation is treated in the Markov approxn. The method also accounts for incoherent population transfer between mol. levels as long as a hierarchical level ordering is possible. The diagrams are esp. useful for the selective generation of terms contg. a particular …}, 
doi = {10.1016/0301-0104(93)85131-Q}, 
keywords = {}}



@InCollection{Tokmakoff09,
author = {Tokmakoff, Andrei}, 
title = {10.2 Diagrammatric Perturbation Theory}, 
booktitle = {5.74 Introductory Quantum Mechanics II},
publisher = {MIT OpenCourseWare},
url = {https://ocw.mit.edu/courses/chemistry/5-74-introductory-quantum-mechanics-ii-spring-2009/#}, 
year = {2009}, 
keywords = {}}

@Article{Scholes13,
author = {Brańczyk, Agata M and Turner, Daniel B and Scholes, Gregory D}, 
title = {Crossing disciplines -- A view on two-dimensional optical spectroscopy}, 
journal = {Annalen der Physik}, 
volume = {526}, 
number = {1-2}, 
pages = {31–49}, 
year = {2013}, 
abstract = {}, 
location = {}, 
doi={10.1002/andp.201300153}}


@Article{Ogilvie15,
author = {Fuller, Franklin D and Ogilvie, Jennifer P}, 
title = {Experimental Implementations of Two-Dimensional Fourier Transform Electronic Spectroscopy}, 
journal = {Annual Review of Physical Chemistry}, 
volume = {66}, 
number = {1}, 
pages = {667–690}, 
year = {2015}, 
abstract = {}, 
location = {}, 
doi = {10.1146/annurev-physchem-040513-103623}
}






@book{Yeh2005,
isbn={0471731927},
author={Yeh, Pochi},
title={Optical waves in layered media},
address={Hoboken, NJ},
publisher={Wiley-Interscience},
year={2005},
}

@book{Pedrotti2008,
isbn={9783540734710},
isbn={3540734716},
title={Optik für Ingenieure},
doi = {10.1007/b139018},
edition={4., bearb. Aufl.},
address={Berlin [u.a.]},
publisher={Springer},
year={2008},
author={Frank L. Pedrotti and Leno S. Pedrotti and 
Werner Bausch and Hartmut Schmidt},
}

@book{Macleod2001,
isbn={0750306882},
author={Macleod, H. Angus},
title={Thin film optical filters},
edition={3. ed.},
address={Bristol [u.a.]},
publisher={Inst. of Physics Publ.},
year={2001},
doi={10.1201/b21960}
}


@book{BornWolf2002,
isbn={0521642221},
isbn={9780521642224},
author={Born, Max and Wolf, Emil},
title={Principles of optics},
edition={7. (expanded) ed., reprinted with corr.},
address={Cambridge [u.a.]},
publisher={Cambridge Univ. Press},
year={2002},
}

@Article{Polerecky00,
author = {Polerecky, Lubos and Hamrle, Jaroslav and MacCraith, Brian D}, 
title = {Theory of the radiation of dipoles placed within a multilayer system}, 
journal = {Applied Optics}, 
volume = {39}, 
number = {22}, 
pages = {3968–3977}, 
year = {2000}, 
doi = {10.1364/AO.39.003968},
}

@article{Ford_Weber_84,
title = {Electromagnetic interactions of molecules with metal surfaces},
journal = {Physics Reports},
volume = {113},
number = {4},
pages = {195-287},
year = {1984},
doi = {10.1016/0370-1573(84)90098-X},
author = {G.W. Ford and W.H. Weber}
}





@phdthesis{Jun10_thesis,
author = {Jun, Young Chul}, 
title = {Plasmonic Control Of Light Emission: Tailoring Light Emission Properties With Metal Nanostructures}, 
school = {Stanford University}, 
address = {}, 
pages = {}, 
year = {2010}, 
url = {http://purl.stanford.edu/qj669nd4500}
 }


@book{Maier2007,
isbn={9780387331508},
author={Maier, Stefan A.},
title={Plasmonics},
address={Norwell},
publisher={Springer Science+Business Media, LLC},
year={2007},
doi={10.1007/0-387-37825-1},
}





@Article{Yurkin07,
author = {Yurkin, Maxim A and Hoekstra, Alfons G}, 
title = {The discrete dipole approximation: an overview and recent developments}, 
journal = {Journal Of Quantitative Spectroscopy \& Radiative Transfer}, 
volume = {106}, 
number = {1-3}, 
pages = {558–589}, 
year = {2007}, 
doi = {10.1016/j.jqsrt.2007.01.034}, 
location = {}, 
keywords = {}}

@Article{Yurkin16,
author = {Yurkin, Maxim A and Hoekstra, Alfons G}, 
title = {Corrigendum to” The discrete dipole approximation: An overview and recent developments”[J. Quant. Spectrosc. Radiat. Transfer 106 (2007) 558-589]}, 
journal = {Journal of Quantitative Spectroscopy and Radiative Transfer}, 
volume = {171}, 
number = {}, 
pages = {82–83}, 
year = {2016}, 
abstract = {… view. Abstract. Citations (6). References (3). Co-Reads. Similar Papers. Volume Content. Graphics.Metrics. Export Citation. NASA/ADS. Corrigendum to “The discrete dipole approximation: Anoverview and recent developments” [J. Quant. Spectrosc. Radiat. Transfer 106 (2007) 558-589] …}, 
doi = {10.1016/j.jqsrt.2015.11.025}, 
keywords = {}}




@Article{Yurkin2020_manual,
author = {Yurkin, Maxim A and Hoekstra, Alfons G}, 
title = {User manual for the discrete dipole approximation code ADDA 1.4}, 
journal = {}, 
volume = {}, 
number = {}, 
pages = {}, 
year = {2020}, 
abstract = {This manual describes the open-source code ADDA, which simulates elastic light scattering from finite 3D objects of arbitrary shape and composition, either in free space or near the plane surface. Besides standard sequential execution, ADDA can run on a multiprocessor …}, 
location = {}, 
url = {https://github.com/adda-team/adda/raw/v1.4.0/doc/manual.pdf}}

@Article{Brioude05,
author = {Brioude, A and Pileni, MP}, 
title = {Silver nanodisks: optical properties study using the discrete dipole approximation method.}, 
journal = {J Phys Chem B}, 
volume = {109}, 
number = {49}, 
pages = {23371–23377}, 
year = {2005}, 
abstract = {The simulated optical properties of silver nanodisks are presented. The extinction, absorption, and scattering efficiencies are calculated using the discrete dipole approximation. The influence of the nanodisk size, truncature (snip), aspect ratio, and environment on the plasmon resonance bands is investigated. In particular, the dipolar and multipolar resonance peak positions have been related to the specific features of the nanodisk geometry. An interpretation of the origins of each multipolar mode is proposed for the first time taking into account this geometry.}, 
location = {Laboratoire LM2N, Université P. et M. Curie (Paris VI), BP 52, 4 Place Jussieu, F-75231 Paris Cedex 05, France.}, 
doi = {doi/10.1021/jp055265k }}


@Article{Draine88,
author = {Draine, B T}, 
title = {The discrete-dipole approximation and its application to interstellar graphite grains}, 
journal = {The Astrophysical Journal}, 
volume = {333}, 
number = {}, 
pages = {848}, 
year = {1988}, 
doi = {10.1086/166795}, 
location = {}, 
keywords = {}}



@book{Schwabl2002_QM1,
isbn={9783662096291},
author={Schwabl, Franz},
title={Quantenmechanik },
edition={6. Auflage},
publisher={Springer },
year={2002},
doi={10.1007/978-3-662-09629-1},
}

@book{Butz2015,
isbn={9783319169859},
author={Butz, Tilman},
title={Fourier Transformation for Pedestrians},
edition={2. ed.},
publisher={Springer},
year={2015},
doi={10.1007/978-3-319-16985-9}
}

@Article{Khitrova06,
author = {Khitrova, G and Gibbs, HM and Kira, M and Koch, SW and Scherer, A}, 
editor = {}, 
title = {Vacuum Rabi splitting in semiconductors}, 
journal = {Nature Physics}, 
volume = {2}, 
number = {2}, 
pages = {81–90}, 
year = {2006}, 
abstract = {}, 
location = {}, 
doi = {10.1038/nphys227}}

@Article{Pelton19,
author = {Pelton, Matthew and Storm, S David and Leng, Haixu}, 
editor = {}, 
title = {Strong coupling of emitters to single plasmonic nanoparticles: exciton-induced transparency and Rabi splitting}, 
journal = {Nanoscale}, 
volume = {11}, 
number = {31}, 
pages = {14540–14552}, 
year = {2019}, 
doi = {10.1039/c9nr05044b}, 
keywords = {}
}

@Article{Thomas20,
author = {Thomas, Philip A and Tan, Wai Jue and Fernandez, Henry A and Barnes, William L}, 
editor = {}, 
title = {A New Signature for Strong Light–Matter Coupling Using Spectroscopic Ellipsometry}, 
journal = {Nano letters}, 
volume = {20}, 
number = {9}, 
pages = {6412–6419}, 
year = {2020}, 
doi = {10.1021/acs.nanolett.0c01963}
}

@Article{Myroshnychenko08,
author = {Myroshnychenko, V and Rodriguez Fernandez, J and Pastoriza Santos, I and Funston, AM and Novo, C and Mulvaney, Paul and Liz Marzan, LM and Garcia de Abajo, FJ}, 
editor = {}, 
title = {Modelling the Optical Response of Gold Nanoparticles}, 
journal = {Chem. Soc. Rev.}, 
volume = {39}, 
number = {49}, 
pages = {}, 
year = {2008}, 
abstract = {}, 
doi = {10.1039/b711486a}, 
keywords = {}}

@Article{Schumacher11,
author = {Schumacher, Thorsten and Kratzer, Kai and Molnar, David and Hentschel, Mario and Giessen, Harald and Lippitz, Markus}, 
editor = {}, 
title = {Nanoantenna-enhanced ultrafast nonlinear spectroscopy of a single gold nanoparticle}, 
journal = {Nature Communications}, 
volume = {2}, 
number = {1}, 
pages = {333}, 
year = {2011}, 
abstract = {}, 
location = {}, 
doi = {10.1038/ncomms1334}}

@Article{JC_gold72,
author = {Johnson, Peter B and Christy, R.W.}, 
editor = {}, 
title = {Optical constants of the noble metals}, 
journal = {Physical review B}, 
volume = {6}, 
number = {12}, 
pages = {4370}, 
year = {1972}, 
doi = {10.1103/PhysRevB.6.4370}}

@Article{Block19,
author = {Block, A and Liebel, M and Yu, R and Spector, M and Sivan, Y and de Abajo, F J García and van Hulst, N F}, 
editor = {}, 
title = {Tracking ultrafast hot-electron diffusion in space and time by ultrafast thermomodulation microscopy}, 
journal = {Science Advances}, 
volume = {5}, 
number = {5}, 
pages = {eaav8965}, 
year = {2019}, 
doi = {10.1126/sciadv.aav8965}, 
}


@Article{Crut17,
author = {Crut, Aurélien and Maioli, Paolo and Vallée, Fabrice and Del Fatti, Natalia}, 
editor = {}, 
title = {Linear and ultrafast nonlinear plasmonics of single nano-objects}, 
journal = {Journal of Physics: Condensed Matter}, 
volume = {29}, 
number = {12}, 
pages = {123002–123023}, 
year = {2017}, 
doi = {0.1088/1361-648X/aa59cc}, 
keywords = {}}

@book{tmatrix-book06,
author = {Doicu, Adrian and Wriedt, Thomas and Eremin, Yuri},
year = {2006},
pages = {},
title = {Light Scattering by Systems of Particles-Null-Field Method with Discrete Sources-Theory and Programs},
series={Springer series in optical sciences},
publisher={Springer},
volume = 124,
isbn = {978-3-540-33696-9},
doi = {10.1007/978-3-540-33697-6}
}

@book{Enoch2012,
isbn={9783642280795},
title={Plasmonics},
subtitle={From Basics to Advanced Topics},
address={Berlin [u.a.]},
publisher={Springer},
year={2012},
series={Springer series in optical sciences},
volume={167},
editor={Enoch, Stefan and Bonod, Nicolas},
doi={10.1007/978-3-642-28079-5}
}


@InCollection{Aizpurua_in_Enoch12,
author = {Javier Aizpurua and Rainer Hillenbrand},
title = {Localized Surface Plasmons: Basics and Applications in Field-Enhanced Spectroscopy},
booktitle = {Plasmonics},
editor={Enoch, Stefan and Bonod, Nicolas},
series={Springer series in optical sciences},
volume={167},
year={2012},
doi={10.1007/978-3-642-28079-5}
}

@Article{Schumacher16,
author = {Thorsten Schumacher and Matthias Brandstetter and Wolf, Daniela and Kratzer, Kai and Hentschel, Mario and Giessen, Harald and Lippitz, Markus}, 
editor = {}, 
title = {The optimal antenna for nonlinear spectroscopy of weakly and strongly scattering nanoobjects}, 
journal = {Applied Physics B}, 
volume = {122}, 
number = {}, 
pages = {91}, 
year = {2016}, 
doi = {10.1007/s00340-016-6364-5}, 
location = {}, 
keywords = {}}


@Article{Prodan03,
author = {Prodan, E and Radloff, C and Halas, NJ and Nordlander, P}, 
editor = {}, 
title = {A hybridization model for the plasmon response of complex nanostructures}, 
journal = {Science}, 
volume = {302}, 
number = {5644}, 
pages = {419}, 
year = {2003}, 
abstract = {}, 
doi = {10.1126/science.1089171}, 
keywords = {}}



@Article{Otto68,
author = { Andreas Otto}, 
title = {Excitation of nonradiative surface plasma waves in silver by the method of frustrated total reflection}, 
journal = {Zeitschrift für Physik A}, 
volume = {216}, 
number = {4}, 
pages = {398–410}, 
year = {1968}, 
doi = {10.1007/BF01391532}
}


@Article{Pettit75,
author = {Pettit, RB and Silcox, J and Vincent, R}, 
title = {Measurement of surface-plasmon dispersion in oxidized aluminum films}, 
journal = {Physical Review B}, 
volume = {11}, 
number = {8}, 
pages = {3116}, 
year = {1975}, 
doi= {10.1103/PhysRevB.11.3116}
}

@Article{Dorfmueller10,
author = {Dorfmüller, Jens and Vogelgesang, R and Khunsin, W and Rockstuhl, C and Etrich, C and Kern, K}, 
title = {Plasmonic nanowire antennas: experiment, simulation, and theory}, 
journal = {Nano Letters}, 
volume = {10}, 
number = {9}, 
pages = {3506–3603}, 
year = {2010}, 
doi = {10.1021/nl101921y}}

@Article{Takahara97,
author = {Takahara, Junichi and Yamagishi, Suguru and Taki, Hiroaki and Morimoto, Akihiro and Kobayashi, Tetsuro}, 
title = {Guiding of a one-dimensional optical beam with nanometer diameter}, 
journal = {Optics Letters}, 
volume = {22}, 
number = {7}, 
pages = {475}, 
year = {1997}, 
doi= {10.1364/OL.22.000475}}

@Article{Novotny07,
author = {Novotny, Lukas}, 
title = {Effective Wavelength Scaling for Optical Antennas}, 
journal = {Physical Review Letters}, 
volume = {98}, 
number = {26}, 
pages = {266802}, 
year = {2007}, 
doi ={10.1103/PhysRevLett.98.266802} }


@phdthesis{Dorfmueller10_thesis,
author = {Dorfmüller, Jens}, 
title = {Optical Wire Antennas:
Near-Field Imaging, Modeling and Emission Patterns}, 
year = {2010},
url = {https://infoscience.epfl.ch/record/147977},
school  = {École Polytechnique Fédérale de Lausanne},
 }

@book{Goodman2005,
isbn={0974707724},
author={Goodman, Joseph W.},
title={Introduction to Fourier optics},
edition={3. ed.},
publisher={Roberts},
year={2005},
}

@Article{Vigoureux92,
author = {Vigoureux, J.M. and Courjon, D.}, 
title = {Detection of nonradiative fields in light of the Heisenberg uncertainty principle and the Rayleigh criterion}, 
journal = {Applied Optics}, 
volume = {31}, 
number = {16}, 
pages = {3170-3177}, 
year = {1992},
doi = {10.1364/AO.31.003170} }

@Article{Huang_AOM_21,
author = {Huang, Huiying and Manna, Santanu and Schimpf, Christian and Reindl, Marcus and Yuan, Xueyong and Zhang, Yining and da Silva, Saimon Filipe Covre and Rastelli, Armando}, 
title = {Bright Single Photon Emission from Quantum Dots Embedded in a Broadband Planar Optical Antenna}, 
journal = {Advanced Optical Materials}, 
pages = {2001490}, 
year = {2021},
doi = {10.1002/adom.202001490} }





@book{Traeger2012,
   editor={Tr{\"a}ger, Frank},
   title={Springer Handbook of Lasers and Optics},
   address={Berlin, Heidelberg},
   publisher={Springer},
   year={2012},
   ISBN={9783642194092},
   doi = {10.1007/978-3-642-19409-2}
}


@article{Renard04,
author = {M. Renard and R. Chaux and B. Lavorel and O. Faucher},
journal = {Opt. Express},
keywords = {Ultrafast optics; Pulse shaping; Ultrafast measurements; Dark solitons; Liquid crystal modulators; Optical testing; Phase modulation; Spatial light modulators; Ultrashort pulses},
number = {3},
pages = {473--482},
publisher = {Optica Publishing Group},
title = {Pulse trains produced by phase-modulation of ultrashort optical pulses: tailoring and characterization},
volume = {12},
year = {2004},
url = {https://opg.optica.org/oe/abstract.cfm?URI=oe-12-3-473},
doi = {10.1364/OPEX.12.000473},
abstract = {In this paper, creation of pulse doublets and pulse trains by spectral phase modulation of ultrashort optical pulses is investigated. Pulse doublets with specific features are generated through step-like and triangular spectral phase modulation, whereas sequences of pulses with controllable delay and amplitude are produced via sinusoidal phase modulations. A temporal analysis of this type of tailored pulses is exposed and a complete characterization with the SPIDER technique (Spectral Phase Interferometry for Direct Electric-field Reconstruction) is presented.},
}


@book{Hunklinger2014,
isbn={9783486858501},
author={Hunklinger, Siegfried},
title={Festkörperphysik},
edition={4. aktualisierte Auflage},
address={München},
publisher={De Gruyter},
year={2014},
doi={10.1524/9783486858501},
}

@book{Horowitz_Hill,
   author={Horowitz, Paul and Hill, Winfield},
   title={The art of electronics},
   address={New York, NY},
   publisher={Cambridge University Press},
   year={2015},
   edition={Third edition},
   ISBN={9780521809269},
}


@Article{Strauch_gaas,
author = {Strauch, D. and Dorner, B.}, 
title = {Phonon dispersion in GaAs}, 
journal = {Journal of Physics: Condensed Matter}, 
volume = {2}, 
number = {6}, 
pages = {1457}, 
year = {1990}, 
abstract = {The authors have determined the phonon dispersion curves in GaAs at 12 K for wavevectors along the six directions Gamma-(Delta)-X-(Sigma)-Gamma-(Lambda)-LX-(Z)-W-(Q)-L by high-precision inelastic neutron scattering. Various existing lattice-dynamical models are …}, 
doi = {10.1088/0953-8984/2/6/006}, 
location = {}, 
keywords = {}}

@Article{Svensson_cu,
author = {Svensson, E. C. and Brockhouse, B. N. and Rowe, J. M. }, 
title = {Crystal dynamics of copper}, 
journal = {Physical Review}, 
volume = {155}, 
number = {3}, 
pages = {619}, 
year = {1967}, 
abstract = {The frequency/wave-vector dispersion relation for the symmetry directions [00 ζ],[0 ζ ζ],[ζ ζ ζ], and [0 ζ 1] in copper at room temperature has been determined by inelastic neutron scattering. Interplanar and atomic force constants have been obtained. First-neighbor …}, 
doi = {10.1103/PhysRev.155.619}, 
keywords = {}}

@book{Demtröder_molekuelphysik,
isbn={9783486706789},
isbn={9783486714890},
author={Demtröder, Wolfgang},
title={Molekülphysik},
subtitle={theoretische Grundlagen und experimentelle Methoden},
edition={2., überarb. und erw. Aufl.},
address={München},
publisher={Oldenbourg},
year={2013},
pages={XVI, 487 S.},
doi={10.1524/9783486714890}
}